<record><leader>00000cas a22000007a 4500</leader><controlfield tag="001">16000576</controlfield><controlfield tag="008">870619d18711872iauwr ne      0    0eng d</controlfield><datafield ind1=" " ind2=" " tag="010"><subfield code="a">sn 87058367 </subfield></datafield><datafield ind1=" " ind2=" " tag="040"><subfield code="a">INP</subfield><subfield code="b">eng</subfield><subfield code="c">INP</subfield><subfield code="d">OCLCQ</subfield></datafield><datafield ind1=" " ind2=" " tag="042"><subfield code="a">msc</subfield></datafield><datafield ind1="0" ind2="0" tag="245"><subfield code="a">Delaware County recorder.</subfield></datafield><datafield ind1=" " ind2=" " tag="260"><subfield code="a">Delhi, Delaware Co., Iowa :</subfield><subfield code="b">C. Sanborn,</subfield><subfield code="c">-1872.</subfield></datafield><datafield ind1=" " ind2=" " tag="300"><subfield code="a">v.</subfield></datafield><datafield ind1=" " ind2=" " tag="310"><subfield code="a">Weekly</subfield></datafield><datafield ind1="1" ind2=" " tag="362"><subfield code="a">Began in June 1871.</subfield></datafield><datafield ind1="0" ind2=" " tag="362"><subfield code="a">-v. 3, no. 21 (Aug. 15, 1872).</subfield></datafield><datafield ind1=" " ind2=" " tag="588"><subfield code="a">Description based on: Vol. 3, no. 14 (June 27, 1872).</subfield></datafield><datafield ind1=" " ind2=" " tag="752"><subfield code="a">United States</subfield><subfield code="b">Iowa</subfield><subfield code="c">Delaware</subfield><subfield code="d">Delhi.</subfield></datafield><datafield ind1="0" ind2="0" tag="780"><subfield code="t">Earlville record (Earlville, Iowa : 1871)</subfield></datafield><datafield ind1="0" ind2="0" tag="785"><subfield code="t">Delhi monitor</subfield><subfield code="w">(DLC)sn 84038092</subfield></datafield></record>